<?xml version='1.0' encoding='UTF-8'?>
<record xmlns="http://www.loc.gov/MARC21/slim">
  <leader>00805cam a2200217 a 4500</leader>
  <controlfield tag="001">2795247</controlfield>
  <controlfield tag="003">NjP</controlfield>
  <controlfield tag="005">20171013183119.0</controlfield>
  <controlfield tag="008">000216s1947    le            000 0 ara c</controlfield>
  <datafield tag="024" ind1="7" ind2=" ">
    <subfield code="a">princeton_aco002769</subfield>
    <subfield code="2">local</subfield>
  </datafield>
  <datafield ind1=" " ind2=" " tag="035">
    <subfield code="9">CNK5203TS</subfield>
  </datafield>
  <datafield ind1=" " ind2=" " tag="040">
    <subfield code="a">NjP</subfield>
    <subfield code="c">NjP</subfield>
  </datafield>
  <datafield ind1=" " ind2=" " tag="042">
    <subfield code="a">pcc</subfield>
  </datafield>
  <datafield ind1=" " ind2="4" tag="050">
    <subfield code="a">BL98</subfield>
    <subfield code="b">.S293 1947</subfield>
  </datafield>
  <datafield ind1="1" ind2=" " tag="100">
    <subfield code="a">Sayegh, Fayez A.</subfield>
    <subfield code="q">(Fayez Abdullah),</subfield>
    <subfield code="d">1922-1980.</subfield>
    <subfield code="0">http://id.loc.gov/authorities/names/n50016913</subfield>
  </datafield>
  <datafield ind1="1" ind2="3" tag="245">
    <subfield code="a">al-Ṭāʾifīyah :</subfield>
    <subfield code="b">baḥth fī asbābihā wa-akhtārihā wa-ʻilājihā /</subfield>
    <subfield code="c">bi-qalam Fāyiz Ṣāyigh.</subfield>
  </datafield>
  <datafield ind1=" " ind2=" " tag="260">
    <subfield code="a">[Beirut] :</subfield>
    <subfield code="b">Manshūrāt Maktabat al-Wājib,</subfield>
    <subfield code="c">1947.</subfield>
  </datafield>
  <datafield ind1=" " ind2=" " tag="300">
    <subfield code="a">88 p. ;</subfield>
    <subfield code="c">18 cm.</subfield>
  </datafield>
  <datafield ind1=" " ind2="0" tag="650">
    <subfield code="a">Religions.</subfield>
    <subfield code="0">http://id.loc.gov/authorities/subjects/sh85112599</subfield>
  </datafield>
  <datafield ind1=" " ind2="0" tag="650">
    <subfield code="a">Sects.</subfield>
    <subfield code="0">http://id.loc.gov/authorities/subjects/sh85119451</subfield>
  </datafield>
  <datafield ind1=" " ind2=" " tag="948">
    <subfield code="a">kc</subfield>
  </datafield>
  <datafield ind1=" " ind2=" " tag="911">
    <subfield code="a">20000216</subfield>
  </datafield>
  <datafield ind1=" " ind2=" " tag="912">
    <subfield code="a">20000217053609.0</subfield>
  </datafield>
  <datafield ind1="0" ind2="0" tag="852">
    <subfield code="0">3106800</subfield>
    <subfield code="b">rcppa</subfield>
    <subfield code="t">1</subfield>
    <subfield code="h">BL98</subfield>
    <subfield code="i">.S293 1947</subfield>
    <subfield code="x">tr fr arab</subfield>
  </datafield>
  <datafield ind1=" " ind2=" " tag="959">
    <subfield code="a">2000-06-13 00:00:00 -0500</subfield>
  </datafield>
</record>
